@misc{ai-wikipedia,
  author={Wikipedia},
  title={Künstliche Intelligenz},
  url={https://de.wikipedia.org/wiki/K%C3%BCnstliche_Intelligenz},
  urldate={2023-04-20},
  year={2023}
}

@book{example,
  title={The Title of the Book},
  author={The Author},
  publisher={The Publisher},
  year={2017},
}

@article{KI-in-der-Justiz,
  author={Legal-tech},
  title={kuenstliche-intelligenz-in-der-justiz-pilotprojekte},
  url={https://legal-tech.de/kuenstliche-intelligenz-in-der-justiz-pilotprojekte/},
  urldate={2023-11-28},
  year={2023}
}

@article{rolle-KI-im-Recht,
  author={bucerius law school},
  title={die-rolle-der-kuenstlichen-intelligenz-im-recht},
  url={https://www.law-school.de/news-artikel/die-rolle-der-kuenstlichen-intelligenz-im-recht},
  urldate={2022-07-20},
  year={2022}
}


@article{lernen-wie-maschinen,
  author={bucerius law school},
  title={lernen-wie-maschinen},
  url={https://www.lernen-wie-maschinen.ai/ki-pedia/was-ist-algorithmische-voreingenommenheit-algorithmic-bias/},
  urldate={2022-07-20},
  year={2022}
}

@article{Software-Haftstrafen,
  author={heise magazine},
  title={Wenn Software Haftstrafen verhängt},
  url={https://www.heise.de/select/ct/2017/25/1512700333136715},
  urldate={01-01-2017},
  year={2017}
}

@article{state-loomis,
  author={harvard law review},
  title={State v. Loomis},
  url={https://harvardlawreview.org/print/vol-130/state-v-loomis/},
  urldate={2017-03-10},
  year={2017}
}

@article{COMPAS,
  author={wikipedia},
  title={COMPAS software},
  url={https://en.wikipedia.org/wiki/COMPAS_(software)},
  urldate={2023-12-30},
  year={2023}
}